@misc{wifione,
  author = {Cisco Networks},
  title = {{WiFi Frame Types}},
  note = {\url{https://supportforums.cisco.com/document/52391/80211-frames-starter-guide-learn-wireless-sniffer-traces}}
%  year = {2008}
}
 
 @misc{wifitwo,
  author = {Cisco Networks},
  title = {{WiFi Frame Types}},
  note = {\url{https://supportforums.cisco.com/document/101431/80211-sniffer-capture-analysis-management-frames-and-open-auth}}
 % year = {2008}
}
 
 @misc{wifithree,
  author = {},
  title = {{WiFi Data frames}},
  note = {\url{http://www.my80211.com/home/2009/12/5/80211-null-data-frames.html}}
%  year = {2008}
}
 
 @misc{servercode,
  author = {Ratheesh kv},
  title = {{Server source code}},
  note = {\url{https://github.com/ratheeshkv179/MTP}}
  year = {2016}
}
 
 
  @misc{loadgenerator,
  author = {Ratheesh kv},
  title = {{Loadgenerator android app}},
  note = {\url{https://play.google.com/store/apps/details?id=com.iitb.loadgeneratorM&hl=en}}
  year = {2016}
}


@misc{loadgenerator,
  author = {Ratheesh kv},
  title = {{Loadgenerator android app}},
  note = {\url{https://play.google.com/store/apps/details?id=com.iitb.loadgeneratorM&hl=en}}
  year = {2016}
}


@misc{randd,
  author = {Ashish Sonone and Sanchit Garg},
  title = {{Network Load generator}},
  note = {\url{https://github.com/ratheeshkv179/Loadgenerator/blob/master/Doc/sanchit-RnD-II-Report.pdf}}
  year = {2012}
}


 @misc{swinky,
  author = {Swinky Mann},
  title = {{Dense WiFi To test scalability of SAFE app}},
  note = {\url{http://www.cse.iitb.ac.in/synerg/lib/exe/fetch.php?media=public:mtp1-oct16:dense_wifi_mtp1_153050021.pdf}}
  year = {2016}
}

 
 
 
@inproceedings{murty2010dyson,
  title={Dyson: An Architecture for Extensible Wireless LANs.},
  author={Murty, Rohan and Padhye, Jitendra and Wolman, Alec and Welsh, Matt},
  booktitle={USENIX Annual Technical Conference},
  year={2010}
}


% https://github.com/ratheeshkv179/Loadgenerator/blob/master/Doc/sanchit-RnD-II-Report.pdf





@article{rosen2014mcnet,
  title={MCNet: Crowdsourcing wireless performance measurements through the eyes of mobile devices},
  author={Rosen, Sanae and Lee, Sung-Ju and Lee, Jeongkeun and Congdon, Paul and Mao, Zhuoqing Morley and Burden, Ken},
  journal={Communications Magazine, IEEE},
  volume={52},
  number={10},
  pages={86--91},
  year={2014},
  publisher={IEEE}
}


@inproceedings{patro2013observing,
  title={Observing home wireless experience through wifi aps},
  author={Patro, Ashish and Govindan, Srinivas and Banerjee, Suman},
  booktitle={Proceedings of the 19th annual international conference on Mobile computing \& networking},
  pages={339--350},
  year={2013},
  organization={ACM}
}



@article{baid2015understanding,
  title={Understanding channel selection dynamics in dense Wi-Fi networks},
  author={Baid, Akash and Raychaudhuri, Dipankar},
  journal={Communications Magazine, IEEE},
  volume={53},
  number={1},
  pages={110--117},
  year={2015},
  publisher={IEEE}
}


@inproceedings{maity2015tcp,
  title={TCP download performance in dense WiFi scenarios},
  author={Maity, Mukulika and Raman, Bhaskaran and Vutukuru, Mythili},
  booktitle={Communication Systems and Networks (COMSNETS), 2015 7th International Conference on},
  pages={1--8},
  year={2015},
  organization={IEEE}
}

@inproceedings{shi2014crowdsourcing,
  title={Crowdsourcing access network spectrum allocation using smartphones},
  author={Shi, Jinghao and Guan, Zhangyu and Qiao, Chunming and Melodia, Tommaso and Koutsonikolas, Dimitrios and Challen, Geoffrey},
  booktitle={Proceedings of the 13th ACM workshop on hot topics in networks},
  pages={17},
  year={2014},
  organization={ACM}
}


@article{faggiani2014smartphone,
  title={Smartphone-based crowdsourcing for network monitoring: Opportunities, challenges, and a case study.},
  author={Faggiani, Adriano and Gregori, Enrico and Lenzini, Luciano and Luconi, Valerio and Vecchio, Alessio},
  journal={IEEE Communications Magazine},
  volume={52},
  number={1},
  pages={106--113},
  year={2014}
}

 

@inproceedings{radu2013pazl,
  title={Pazl: A mobile crowdsensing based indoor WiFi monitoring system},
  author={Radu, Valentin and Kriara, Lito and Marina, Mahesh K},
  booktitle={Network and Service Management (CNSM), 2013 9th International Conference on},
  pages={75--83},
  year={2013},
  organization={IEEE}
}


@inproceedings{zhong2015issues,
  title={Issues and challenges in dense WiFi networks},
  author={Zhong, Zhenzhe and Kulkarni, Parag and Cao, Fengming and Fan, Zhong and Armour, Simon},
  booktitle={Wireless Communications and Mobile Computing Conference (IWCMC), 2015 International},
  pages={947--951},
  year={2015},
  organization={IEEE}
}

 

@article{shin2015per,
  title={Per-node throughput enhancement in Wi-Fi densenets},
  author={Shin, Kyungseop and Park, Ieryung and Hong, Junhee and Har, Dongsoo and Cho, Dong-Ho},
  journal={Communications Magazine, IEEE},
  volume={53},
  number={1},
  pages={118--125},
  year={2015},
  publisher={IEEE}
}


@inproceedings{lakshminarayanan2011understanding,
  title={Understanding 802.11 performance in heterogeneous environments},
  author={Lakshminarayanan, Kaushik and Seshan, Srinivasan and Steenkiste, Peter},
  booktitle={Proceedings of the 2nd ACM SIGCOMM workshop on Home networks},
  pages={43--48},
  year={2011},
  organization={ACM}
}
